<?xml version="1.0" encoding="UTF-8"?><collection xmlns="http://www.loc.gov/MARC21/slim"><record><leader>00586nam--2200181-i-4500</leader><controlfield tag="001">000042371</controlfield><controlfield tag="002">20161230</controlfield><controlfield tag="005">20161230201043</controlfield><controlfield tag="008">060222s1000------------r-----000-0-eng-d</controlfield><datafield ind1=" " ind2=" " tag="040"><subfield code="a">IFIN-HH</subfield></datafield><datafield ind1=" " ind2=" " tag="080"><subfield code="a">629.19:52</subfield></datafield><datafield ind1="1" ind2=" " tag="100"><subfield code="a">Hulst,H.C</subfield></datafield><datafield ind1="1" ind2="0" tag="245"><subfield code="a">Space research ii</subfield><subfield code="b">Proceedings of the second international space science symposium florence, april 10-14, 1961</subfield><subfield code="c">H.c. hulst, c. de jager, a.f. moore (eds.)</subfield></datafield><datafield ind1=" " ind2=" " tag="260"><subfield code="a">Amsterdam</subfield><subfield code="b">North-holland Publishing Company</subfield><subfield code="c">1961</subfield></datafield><datafield ind1=" " ind2=" " tag="300"><subfield code="a">XV + 1241 P</subfield></datafield><datafield ind1="1" ind2=" " tag="700"><subfield code="a">Moore, A.F</subfield><subfield code="e">Ed</subfield></datafield><datafield ind1=" " ind2=" " tag="852"><subfield code="a">17518</subfield><subfield code="c">521</subfield></datafield><datafield ind1=" " ind2=" " tag="CAT"><subfield code="a">Sys</subfield><subfield code="c">20130826</subfield><subfield code="h">122304</subfield></datafield></record></collection>